<record><leader>00000cas a22000007a 4500</leader><controlfield tag="001">34774266</controlfield><controlfield tag="008">960522d19711972cauwr ne      0    0eng d</controlfield><datafield ind1=" " ind2=" " tag="010"><subfield code="a">sn 96062737 </subfield></datafield><datafield ind1=" " ind2=" " tag="040"><subfield code="a">CNK</subfield><subfield code="b">eng</subfield><subfield code="c">CNK</subfield><subfield code="d">OCLCQ</subfield><subfield code="d">OCLCF</subfield><subfield code="d">OCLCO</subfield></datafield><datafield ind1="1" ind2=" " tag="029"><subfield code="a">AU@</subfield><subfield code="b">000025930297</subfield></datafield><datafield ind1=" " ind2=" " tag="042"><subfield code="a">msc</subfield></datafield><datafield ind1=" " ind2=" " tag="043"><subfield code="a">n-us-ca</subfield></datafield><datafield ind1="0" ind2=" " tag="130"><subfield code="a">Westside herald American (Compton, Calif. : 1971)</subfield></datafield><datafield ind1="1" ind2="0" tag="245"><subfield code="a">Westside herald American.</subfield></datafield><datafield ind1="3" ind2=" " tag="246"><subfield code="a">Herald American</subfield></datafield><datafield ind1="1" ind2="3" tag="246"><subfield code="a">Compton herald American and the Compton herald</subfield></datafield><datafield ind1="1" ind2="7" tag="246"><subfield code="a">Herald American and call-enterprise</subfield></datafield><datafield ind1=" " ind2=" " tag="260"><subfield code="a">Compton, Cal. :</subfield><subfield code="b">Charles Aydelotte</subfield></datafield><datafield ind1=" " ind2=" " tag="300"><subfield code="a">v.</subfield></datafield><datafield ind1=" " ind2=" " tag="310"><subfield code="a">Weekly</subfield></datafield><datafield ind1="0" ind2=" " tag="362"><subfield code="a">Vol. 35, no. 33 (May 5, 1971)-v. 37, no. 1 (Sept. 20, 1972).</subfield></datafield><datafield ind1=" " ind2=" " tag="500"><subfield code="a">"Westside" appears in small print above "Herald American."</subfield></datafield><datafield ind1=" " ind2=" " tag="580"><subfield code="a">Published in several local editions.</subfield></datafield><datafield ind1=" " ind2="0" tag="651"><subfield code="a">Compton (Calif.)</subfield><subfield code="v">Newspapers.</subfield></datafield><datafield ind1=" " ind2="7" tag="655"><subfield code="a">Newspapers.</subfield><subfield code="2">fast</subfield><subfield code="0">(OCoLC)fst01423814</subfield></datafield><datafield ind1=" " ind2="7" tag="651"><subfield code="a">California</subfield><subfield code="z">Compton.</subfield><subfield code="2">fast</subfield><subfield code="0">(OCoLC)fst01218709</subfield></datafield><datafield ind1=" " ind2=" " tag="752"><subfield code="a">United States</subfield><subfield code="b">California</subfield><subfield code="c">Los Angeles</subfield><subfield code="d">Compton.</subfield></datafield><datafield ind1="0" ind2="0" tag="780"><subfield code="t">Compton westside herald American</subfield><subfield code="w">(DLC)sn 98061467</subfield></datafield><datafield ind1="0" ind2="0" tag="785"><subfield code="t">Westside herald American and the Compton herald</subfield><subfield code="w">(DLC)sn 96062738</subfield></datafield></record>